@article{Dressing10,
  author  = {Courtney D. Dressing et al},
  journal = {ApJ},
  number  = {2},
  title   = {Habitable climates: the influence of eccentricity},
  volume  = {721},
  pages   = {1295--1307},
  year    = {2010}
}

@article{HabKepler62f,
  author  = {Aomawa L. Shields et al},
  journal = {Astrobiology},
  number  = {6},
  title   = {The effect of orbital configuration on the possible climates and habitability of Kepler-62f},
  volume  = {16},
  pages   = {443--464},
  year    = {2016}
}

@article{Roe06,
  author  = {Gerard Roe},
  journal = {Geophysical Research Letters},
  number  = {24},
  title   = {In defence of Milankovitch},
  volume  = {33},
  year    = {2006}
}

@article{SMS08,
  author  = {David S. Spiegel et al},
  journal = {ApJ},
  number  = {2},
  title   = {Habitable climates},
  volume  = {681},
  pages   = {1609--1623},
  year    = {2008}
}

@article{SMS09,
  author  = {David S. Spiegel et al},
  journal = {ApJ},
  number  = {1},
  title   = {Habitable climates: the influence of obliquity},
  volume  = {691},
  pages   = {596--610},
  year    = {2009}
}

@article{WK97,
  author  = {Williams and Kasting},
  journal = {Icarus},
  number  = {1},
  title   = {Habitable planets with high obliquities},
  volume  = {129},
  pages   = {254--267},
  year    = {1997}
}

@article{NC79,
  author  = {North and Coakley},
  journal = {J. Atmos. Sci.},
  number  = {7},
  title   = {Differences between Seasonal and Mean Annual Energy Balance Model Calculations of Climate and Climate Sensitivity},
  volume  = {36},
  pages   = {1189--1204},
  year    = {1979}
}

@article{Mendez2017,
  author  = {Abel Méndez and Edgard G. Rivera-Valentín},
  journal = {ApJL},
  number  = {1},
  title   = {The Equilibrium Temperature of Planets in Elliptical Orbits},
  volume  = {837},
  year    = {2017}
}

@misc{ExoEu,
  author       = {{Exoplanet Team}},
  howpublished = {\url{https://exoplanet.eu}},
  note         = {Accessed: 2024-01-18}
}

@booklet{NumericalModelling,
  author       = {Viggo H. Hansteen},
  title        = {Numerical Modelling in a nutshell},
  howpublished = {\url{https://www.uio.no/studier/emner/matnat/astro/AST5110/h11/undervisningsmateriale/numerics_intro.pdf}},
  note         = {accessed: 2023/11/06}
}

@misc{NASAGlobTemp,
  author       = {NASA},
  howpublished = {\url{https://earthobservatory.nasa.gov/world-of-change/global-temperatures}},
  note         = {paragraph 3. Accessed: 2023/12/08}
}

@article{SAB22,
  author  = {Sulaiman, Achilleos, Bertucci et al},
  journal = {Exp Astron},
  title   = {Enceladus and Titan: emerging worlds of the Solar System},
  volume  = {54},
  pages   = {849--876},
  year    = {2022}
}

@article{RN21,
  author  = {Marc Rovira-Navarro et al},
  journal = {Planet. Sci. J.},
  number  = {3},
  title   = {Tidally Heated Exomoons around Gas Giants},
  volume  = {2},
  year    = {2021}
}

@article{Segatz1988,
  author  = {Segatz et al},
  journal = {Icarus},
  number  = {2},
  title   = {Tidal dissipation, surface heat flow, and figure of viscoelastic models of Io},
  volume  = {75},
  pages   = {187--206},
  year    = {1988}
}

@article{YP1981,
  author  = {Charles F. Yoder, Stanton J. Peale},
  journal = {Icarus},
  number  = {1},
  title   = {The tides of Io},
  volume  = {47},
  pages   = {1--35},
  year    = {1981}
}

@article{DHT2015,
  author  = {Vera Dobos, René Heller, Edwin L. Turner},
  journal = {A\&A},
  number  = {91},
  title   = {The effect of multiple heat sources on exomoon habitable zones},
  volume  = {601},
  year    = {2017}
}

@article{LJW2018,
  author  = {L. Li, X. Jiang, R.A. West et al},
  journal = {Nat Commun},
  number  = {9},
  title   = {Less absorbed solar energy and more internal heat for Jupiter},
  volume  = {3709},
  year    = {2018}
}

@article{Henning2009,
  author  = {Wade G. Henning et al},
  journal = {ApJ},
  number  = {2},
  title   = {Tidally heated terrestrial exoplanets: viscoelastic response models},
  volume  = {707},
  pages   = {1000--1015},
  year    = {2009}
}